<?xml version="1.0" encoding="UTF-8"?><record xmlns="http://www.loc.gov/MARC21/slim" xmlns:cinclude="http://apache.org/cocoon/include/1.0" xmlns:zs="http://www.loc.gov/zing/srw/">
  <leader>00391nz  a2200121n  4500</leader>
  <controlfield tag="001">n  94034514 </controlfield>
  <controlfield tag="003">DLC</controlfield>
  <controlfield tag="005">19940408125616.7</controlfield>
  <controlfield tag="008">940408n| acannaab|          |n aaa |||  </controlfield>
  <datafield tag="010" ind1=" " ind2=" ">
    <subfield code="a">n  94034514 </subfield>
  </datafield>
  <datafield tag="040" ind1=" " ind2=" ">
    <subfield code="a">DLC</subfield>
    <subfield code="c">DLC</subfield>
  </datafield>
  <datafield tag="100" ind1="1" ind2="0">
    <subfield code="a">Valdeblanquez, José María</subfield>
  </datafield>
  <datafield tag="670" ind1=" " ind2=" ">
    <subfield code="a">Compendio de historia del Departamento del Magdalena, 1963:</subfield>
    <subfield code="b">t.p. (académico teniente coronel José María Valdeblanquez)</subfield>
  </datafield>
</record>